<record><leader>00000cas a22000007a 4500</leader><controlfield tag="001">35796211</controlfield><controlfield tag="008">961026d18941908okuwr n       0    0eng d</controlfield><datafield ind1=" " ind2=" " tag="010"><subfield code="a">sn 96093102 </subfield></datafield><datafield ind1=" " ind2=" " tag="040"><subfield code="a">OBN</subfield><subfield code="b">eng</subfield><subfield code="c">OBN</subfield><subfield code="d">OCLCQ</subfield><subfield code="d">OCLCF</subfield><subfield code="d">OCLCO</subfield></datafield><datafield ind1="1" ind2=" " tag="029"><subfield code="a">AU@</subfield><subfield code="b">000012911342</subfield></datafield><datafield ind1=" " ind2=" " tag="042"><subfield code="a">msc</subfield></datafield><datafield ind1=" " ind2=" " tag="043"><subfield code="a">n-us-ok</subfield></datafield><datafield ind1="0" ind2=" " tag="130"><subfield code="a">Alva review (Alva, Okla.)</subfield></datafield><datafield ind1="1" ind2="4" tag="245"><subfield code="a">The Alva review.</subfield></datafield><datafield ind1=" " ind2=" " tag="260"><subfield code="a">Alva, Okla. :</subfield><subfield code="b">C.C. Hudson</subfield></datafield><datafield ind1=" " ind2=" " tag="300"><subfield code="a">v.</subfield></datafield><datafield ind1=" " ind2=" " tag="310"><subfield code="a">Weekly</subfield></datafield><datafield ind1="0" ind2=" " tag="362"><subfield code="a">Vol. 1, no. 1 (July 7, 1894)-v. 14, no. 32 (Feb. 6, 1908).</subfield></datafield><datafield ind1=" " ind2="0" tag="650"><subfield code="a">Populism</subfield><subfield code="z">Oklahoma</subfield><subfield code="v">Newspapers.</subfield></datafield><datafield ind1=" " ind2="0" tag="651"><subfield code="a">Alva (Okla.)</subfield><subfield code="v">Newspapers.</subfield></datafield><datafield ind1=" " ind2="0" tag="651"><subfield code="a">Woods County (Okla.)</subfield><subfield code="v">Newspapers.</subfield></datafield><datafield ind1=" " ind2="7" tag="655"><subfield code="a">Newspapers.</subfield><subfield code="2">fast</subfield><subfield code="0">(OCoLC)fst01423814</subfield></datafield><datafield ind1=" " ind2="7" tag="650"><subfield code="a">Populism.</subfield><subfield code="2">fast</subfield><subfield code="0">(OCoLC)fst01071658</subfield></datafield><datafield ind1=" " ind2="7" tag="651"><subfield code="a">Oklahoma.</subfield><subfield code="2">fast</subfield><subfield code="0">(OCoLC)fst01205031</subfield></datafield><datafield ind1=" " ind2="7" tag="651"><subfield code="a">Oklahoma</subfield><subfield code="z">Alva.</subfield><subfield code="2">fast</subfield><subfield code="0">(OCoLC)fst01220625</subfield></datafield><datafield ind1=" " ind2="7" tag="651"><subfield code="a">Oklahoma</subfield><subfield code="z">Woods County.</subfield><subfield code="2">fast</subfield><subfield code="0">(OCoLC)fst01259728</subfield></datafield><datafield ind1=" " ind2=" " tag="752"><subfield code="a">United States</subfield><subfield code="b">Oklahoma</subfield><subfield code="c">Woods</subfield><subfield code="d">Alva.</subfield></datafield><datafield ind1="0" ind2="7" tag="785"><subfield code="t">Alva courier weekly</subfield><subfield code="w">(DLC)sn 96093101</subfield><subfield code="w">(OCoLC)35796203</subfield></datafield><datafield ind1="0" ind2="7" tag="785"><subfield code="t">Alva review-courier (Alva, Okla. : 1908)</subfield><subfield code="w">(DLC)sn 86063901</subfield><subfield code="w">(OCoLC)13685949</subfield></datafield></record>